UNB+UNOA:3+::ABC10779001+::HEXAGON ABC+180912:1245+VAJ47DWMRJ0E7LCR'
UNH+1+PAYMUL:D:96A:UN:FUN01G'
BGM+452+VAJ47DWMRJ0E7LCR+9'
DTM+137:20180914:102'
LIN+1'
DTM+203:20180914:102'
RFF+AEK:GBSALES AUG18'
MOA+9:31815.23:GBP'
FII+OR+71636790:THE STATE51 CONSPIRACY+:::400118:154:133+GB'
NAD+OY++THE STATE51 CONSPIRACY:17 HEREFORD STREET :E2 6EX LONDON:UNITED KINGDOM'
SEQ++1'
MOA+9:0.6478:GBP'
RFF+CR: 201849'
RFF+PQ: 201849'
PAI+::2'
FCA+13'
FII+BF+03617785:ROOK FILMS LTD+:::202662:154:133+GB'
NAD+BE++ROOK FILMS LTD: : :UNITED KINGDOM'
SEQ++2'
MOA+9:0.6715:GBP'
RFF+CR: 201850'
RFF+PQ: 201850'
PAI+::2'
FCA+13'
FII+BF+91891227:Antipop Records+:::401504:154:133+GB'
NAD+BE++Antipop Records: : :UNITED KINGDOM'
SEQ++3'
MOA+9:0.6715:GBP'
RFF+CR: 201851'
RFF+PQ: 201851'
PAI+::2'
FCA+13'
FII+BF+01580442:Zeamu Music+:::403424:154:133+GB'
NAD+BE++Zeamu Music: : :UNITED KINGDOM'
SEQ++4'
MOA+9:0.82:GBP'
RFF+CR: 201852'
RFF+PQ: 201852'
PAI+::2'
FCA+13'
FII+BF+63449149:Collective Resona+:::202791:154:133+GB'
NAD+BE++Collective Resona: : :UNITED KINGDOM'
SEQ++5'
MOA+9:0.8415:GBP'
RFF+CR: 201853'
RFF+PQ: 201853'
PAI+::2'
FCA+13'
FII+BF+36910937:INFL Ltd+:::560061:154:133+GB'
NAD+BE++INFL Ltd: : :UNITED KINGDOM'
SEQ++6'
MOA+9:0.8415:GBP'
RFF+CR: 201854'
RFF+PQ: 201854'
PAI+::2'
FCA+13'
FII+BF+60447277:Lo Recordings+:::209821:154:133+GB'
NAD+BE++Lo Recordings: : :UNITED KINGDOM'
SEQ++7'
MOA+9:1.23:GBP'
RFF+CR: 201855'
RFF+PQ: 201855'
PAI+::2'
FCA+13'
FII+BF+88202477:Wintergreen+:::089273:154:133+GB'
NAD+BE++Wintergreen: : :UNITED KINGDOM'
SEQ++8'
MOA+9:2.0672268907563:GBP'
RFF+CR: 201856'
RFF+PQ: 201856'
PAI+::2'
FCA+13'
FII+BF+72082497:The Savage Solwei+:::400409:154:133+GB'
NAD+BE++The Savage Solwei: : :UNITED KINGDOM'
SEQ++9'
MOA+9:2.1915:GBP'
RFF+CR: 201857'
RFF+PQ: 201857'
PAI+::2'
FCA+13'
FII+BF+41645684:Movementinsound+:::404422:154:133+GB'
NAD+BE++Movementinsound: : :UNITED KINGDOM'
SEQ++10'
MOA+9:2.55:GBP'
RFF+CR: 201858'
RFF+PQ: 201858'
PAI+::2'
FCA+13'
FII+BF+22784160:A is for Artist+:::602479:154:133+GB'
NAD+BE++A is for Artist: : :UNITED KINGDOM'
SEQ++11'
MOA+9:2.686:GBP'
RFF+CR: 201859'
RFF+PQ: 201859'
PAI+::2'
FCA+13'
FII+BF+31754289:Jalapeno Records+:::401403:154:133+GB'
NAD+BE++Jalapeno Records: : :UNITED KINGDOM'
SEQ++12'
MOA+9:3.05:GBP'
RFF+CR: 201860'
RFF+PQ: 201860'
PAI+::2'
FCA+13'
FII+BF+00403465:Records Records R+:::110742:154:133+GB'
NAD+BE++Records Records R: : :UNITED KINGDOM'
SEQ++13'
MOA+9:4.74380165289256:GBP'
RFF+CR: 201861'
RFF+PQ: 201861'
PAI+::2'
FCA+13'
FII+BF+01497952:Scanner+:::400304:154:133+GB'
NAD+BE++Scanner: : :UNITED KINGDOM'
SEQ++14'
MOA+9:5.4436974789916:GBP'
RFF+CR: 201862'
RFF+PQ: 201862'
PAI+::2'
FCA+13'
FII+BF+10123126:Independiente+:::160030:154:133+GB'
NAD+BE++Independiente: : :UNITED KINGDOM'
SEQ++15'
MOA+9:5.602:GBP'
RFF+CR: 201863'
RFF+PQ: 201863'
PAI+::2'
FCA+13'
FII+BF+51717871:Latimer Road Ente+:::400526:154:133+GB'
NAD+BE++Latimer Road Ente: : :UNITED KINGDOM'
SEQ++16'
MOA+9:5.95:GBP'
RFF+CR: 201864'
RFF+PQ: 201864'
PAI+::2'
FCA+13'
FII+BF+23697296:Dirty Bingo Recor+:::600534:154:133+GB'
NAD+BE++Dirty Bingo Recor: : :UNITED KINGDOM'
SEQ++17'
MOA+9:5.95:GBP'
RFF+CR: 201865'
RFF+PQ: 201865'
PAI+::2'
FCA+13'
FII+BF+56146124:Patterned Air Rec+:::555015:154:133+GB'
NAD+BE++Patterned Air Rec: : :UNITED KINGDOM'
SEQ++18'
MOA+9:6.7915:GBP'
RFF+CR: 201866'
RFF+PQ: 201866'
PAI+::2'
FCA+13'
FII+BF+58211795:The Broken Family+:::404759:154:133+GB'
NAD+BE++The Broken Family: : :UNITED KINGDOM'
SEQ++19'
MOA+9:8.50133333333333:GBP'
RFF+CR: 201867'
RFF+PQ: 201867'
PAI+::2'
FCA+13'
FII+BF+44506643:Blast First Petit+:::600726:154:133+GB'
NAD+BE++Blast First Petit: : :UNITED KINGDOM'
SEQ++20'
MOA+9:9.95:GBP'
RFF+CR: 201868'
RFF+PQ: 201868'
PAI+::2'
FCA+13'
FII+BF+78210974:Company of Corkbo+:::089300:154:133+GB'
NAD+BE++Company of Corkbo: : :UNITED KINGDOM'
SEQ++21'
MOA+9:10.202:GBP'
RFF+CR: 201869'
RFF+PQ: 201869'
PAI+::2'
FCA+13'
FII+BF+27144360:Dead Round Eyes R+:::309683:154:133+GB'
NAD+BE++Dead Round Eyes R: : :UNITED KINGDOM'
SEQ++22'
MOA+9:10.5891666666667:GBP'
RFF+CR: 201870'
RFF+PQ: 201870'
PAI+::2'
FCA+13'
FII+BF+30505070:False Idols  K7+:::406201:154:133+GB'
NAD+BE++False Idols  K7: : :UNITED KINGDOM'
SEQ++23'
MOA+9:13.0243697478992:GBP'
RFF+CR: 201871'
RFF+PQ: 201871'
PAI+::2'
FCA+13'
FII+BF+18720260:Rotters Golf Club+:::306443:154:133+GB'
NAD+BE++Rotters Golf Club: : :UNITED KINGDOM'
SEQ++24'
MOA+9:14.14:GBP'
RFF+CR: 201872'
RFF+PQ: 201872'
PAI+::2'
FCA+13'
FII+BF+21341251:Reckless Yes+:::401520:154:133+GB'
NAD+BE++Reckless Yes: : :UNITED KINGDOM'
SEQ++25'
MOA+9:14.525:GBP'
RFF+CR: 201873'
RFF+PQ: 201873'
PAI+::2'
FCA+13'
FII+BF+73157776:Seahawks Music+:::204141:154:133+GB'
NAD+BE++Seahawks Music: : :UNITED KINGDOM'
SEQ++26'
MOA+9:17.4616727272727:GBP'
RFF+CR: 201874'
RFF+PQ: 201874'
PAI+::2'
FCA+13'
FII+BF+30458358:Industrial Record+:::536138:154:133+GB'
NAD+BE++Industrial Record: : :UNITED KINGDOM'
SEQ++27'
MOA+9:17.8333:GBP'
RFF+CR: 201875'
RFF+PQ: 201875'
PAI+::2'
FCA+13'
FII+BF+38600161:MUZAI Records+:::560036:154:133+GB'
NAD+BE++MUZAI Records: : :UNITED KINGDOM'
SEQ++28'
MOA+9:18.9346092436975:GBP'
RFF+CR: 201876'
RFF+PQ: 201876'
PAI+::2'
FCA+13'
FII+BF+13378217:No Pain In Pop+:::207898:154:133+GB'
NAD+BE++No Pain In Pop: : :UNITED KINGDOM'
SEQ++29'
MOA+9:20.1848:GBP'
RFF+CR: 201877'
RFF+PQ: 201877'
PAI+::2'
FCA+13'
FII+BF+91555227:Mint Music+:::400531:154:133+GB'
NAD+BE++Mint Music: : :UNITED KINGDOM'
SEQ++30'
MOA+9:23.1:GBP'
RFF+CR: 201878'
RFF+PQ: 201878'
PAI+::2'
FCA+13'
FII+BF+65189746:Hebden Bridge Tra+:::089299:154:133+GB'
NAD+BE++Hebden Bridge Tra: : :UNITED KINGDOM'
SEQ++31'
MOA+9:25.6245:GBP'
RFF+CR: 201879'
RFF+PQ: 201879'
PAI+::2'
FCA+13'
FII+BF+41844985:Pellingman Record+:::070116:154:133+GB'
NAD+BE++Pellingman Record: : :UNITED KINGDOM'
SEQ++32'
MOA+9:32.9772090909091:GBP'
RFF+CR: 201880'
RFF+PQ: 201880'
PAI+::2'
FCA+13'
FII+BF+30458358:CTI+:::536138:154:133+GB'
NAD+BE++CTI: : :UNITED KINGDOM'
SEQ++33'
MOA+9:37.25:GBP'
RFF+CR: 201881'
RFF+PQ: 201881'
PAI+::2'
FCA+13'
FII+BF+20732656:Tummy Touch Recor+:::209263:154:133+GB'
NAD+BE++Tummy Touch Recor: : :UNITED KINGDOM'
SEQ++34'
MOA+9:155.04:GBP'
RFF+CR: 201882'
RFF+PQ: 201882'
PAI+::2'
FCA+13'
FII+BF+61769359:Saint Etienne+:::400401:154:133+GB'
NAD+BE++Saint Etienne: : :UNITED KINGDOM'
SEQ++35'
MOA+9:40.7109836065574:GBP'
RFF+CR: 201883'
RFF+PQ: 201883'
PAI+::2'
FCA+13'
FII+BF+81754327:Digital Hardcore+:::400333:154:133+GB'
NAD+BE++Digital Hardcore: : :UNITED KINGDOM'
SEQ++36'
MOA+9:45.3887:GBP'
RFF+CR: 201884'
RFF+PQ: 201884'
PAI+::2'
FCA+13'
FII+BF+36117987:Sartorial Records+:::090136:154:133+GB'
NAD+BE++Sartorial Records: : :UNITED KINGDOM'
SEQ++37'
MOA+9:47.85:GBP'
RFF+CR: 201885'
RFF+PQ: 201885'
PAI+::2'
FCA+13'
FII+BF+40044857:Tonka Inc+:::090666:154:133+GB'
NAD+BE++Tonka Inc: : :UNITED KINGDOM'
SEQ++38'
MOA+9:52.246:GBP'
RFF+CR: 201886'
RFF+PQ: 201886'
PAI+::2'
FCA+13'
FII+BF+31281768:Heavenly Films+:::309638:154:133+GB'
NAD+BE++Heavenly Films: : :UNITED KINGDOM'
SEQ++39'
MOA+9:74.9075:GBP'
RFF+CR: 201887'
RFF+PQ: 201887'
PAI+::2'
FCA+13'
FII+BF+10873697:OGenesis Recordin+:::163113:154:133+GB'
NAD+BE++OGenesis Recordin: : :UNITED KINGDOM'
SEQ++40'
MOA+9:96.9891:GBP'
RFF+CR: 201888'
RFF+PQ: 201888'
PAI+::2'
FCA+13'
FII+BF+71210246:swim+:::400617:154:133+GB'
NAD+BE++swim: : :UNITED KINGDOM'
SEQ++41'
MOA+9:108.461:GBP'
RFF+CR: 201889'
RFF+PQ: 201889'
PAI+::2'
FCA+13'
FII+BF+83918319:Blow Up Records L+:::207182:154:133+GB'
NAD+BE++Blow Up Records L: : :UNITED KINGDOM'
SEQ++42'
MOA+9:123.291915782458:GBP'
RFF+CR: 201890'
RFF+PQ: 201890'
PAI+::2'
FCA+13'
FII+BF+10724971:Sain Recordiau  S+:::401602:154:133+GB'
NAD+BE++Sain Recordiau  S: : :UNITED KINGDOM'
SEQ++43'
MOA+9:124.2892:GBP'
RFF+CR: 201891'
RFF+PQ: 201891'
PAI+::2'
FCA+13'
FII+BF+63961842:Full Time Hobby+:::403534:154:133+GB'
NAD+BE++Full Time Hobby: : :UNITED KINGDOM'
SEQ++44'
MOA+9:184.3176:GBP'
RFF+CR: 201892'
RFF+PQ: 201892'
PAI+::2'
FCA+13'
FII+BF+81443623:Mary Hopkin Music+:::401613:154:133+GB'
NAD+BE++Mary Hopkin Music: : :UNITED KINGDOM'
SEQ++45'
MOA+9:190.05:GBP'
RFF+CR: 201893'
RFF+PQ: 201893'
PAI+::2'
FCA+13'
FII+BF+61540238:Original Peter+:::400627:154:133+GB'
NAD+BE++Original Peter: : :UNITED KINGDOM'
SEQ++46'
MOA+9:295.48:GBP'
RFF+CR: 201894'
RFF+PQ: 201894'
PAI+::2'
FCA+13'
FII+BF+10617814:Caught by the Riv+:::162224:154:133+GB'
NAD+BE++Caught by the Riv: : :UNITED KINGDOM'
SEQ++47'
MOA+9:295.618169747899:GBP'
RFF+CR: 201895'
RFF+PQ: 201895'
PAI+::2'
FCA+13'
FII+BF+91394010:The Leaf Label+:::400122:154:133+GB'
NAD+BE++The Leaf Label: : :UNITED KINGDOM'
SEQ++48'
MOA+9:462.691112829132:GBP'
RFF+CR: 201896'
RFF+PQ: 201896'
PAI+::2'
FCA+13'
FII+BF+56186908:Silva Screen Musi+:::504106:154:133+GB'
NAD+BE++Silva Screen Musi: : :UNITED KINGDOM'
SEQ++49'
MOA+9:595.741555692544:GBP'
RFF+CR: 201897'
RFF+PQ: 201897'
PAI+::2'
FCA+13'
FII+BF+15734897:Soundway Records+:::010123:154:133+GB'
NAD+BE++Soundway Records: : :UNITED KINGDOM'
SEQ++50'
MOA+9:725.91:GBP'
RFF+CR: 201898'
RFF+PQ: 201898'
PAI+::2'
FCA+13'
FII+BF+21323925:Strange Attractor+:::501005:154:133+GB'
NAD+BE++Strange Attractor: : :UNITED KINGDOM'
SEQ++51'
MOA+9:841.786047953819:GBP'
RFF+CR: 201899'
RFF+PQ: 201899'
PAI+::2'
FCA+13'
FII+BF+04257049:R and S Records+:::180002:154:133+GB'
NAD+BE++R and S Records: : :UNITED KINGDOM'
SEQ++52'
MOA+9:1127.56:GBP'
RFF+CR: 201900'
RFF+PQ: 201900'
PAI+::2'
FCA+13'
FII+BF+50602760:Playbeastnew+:::204141:154:133+GB'
NAD+BE++Playbeastnew: : :UNITED KINGDOM'
SEQ++53'
MOA+9:1180.89015337757:GBP'
RFF+CR: 201901'
RFF+PQ: 201901'
PAI+::2'
FCA+13'
FII+BF+90351237:Ghost Box+:::404759:154:133+GB'
NAD+BE++Ghost Box: : :UNITED KINGDOM'
SEQ++54'
MOA+9:1635.65819669421:GBP'
RFF+CR: 201902'
RFF+PQ: 201902'
PAI+::2'
FCA+13'
FII+BF+06226615:Heavenly Recordin+:::121103:154:133+GB'
NAD+BE++Heavenly Recordin: : :UNITED KINGDOM'
SEQ++55'
MOA+9:3269.01639932252:GBP'
RFF+CR: 201903'
RFF+PQ: 201903'
PAI+::2'
FCA+13'
FII+BF+71249673:pinkflag+:::400617:154:133+GB'
NAD+BE++pinkflag: : :UNITED KINGDOM'
SEQ++56'
MOA+9:3497.71018831174:GBP'
RFF+CR: 201904'
RFF+PQ: 201904'
PAI+::2'
FCA+13'
FII+BF+82082446:Trunk Records+:::400409:154:133+GB'
NAD+BE++Trunk Records: : :UNITED KINGDOM'
SEQ++57'
MOA+9:4291.73599999996:GBP'
RFF+CR: 201905'
RFF+PQ: 201905'
PAI+::2'
FCA+13'
FII+BF+44456322:Clay Pipe Music+:::090127:154:133+GB'
NAD+BE++Clay Pipe Music: : :UNITED KINGDOM'
SEQ++58'
MOA+9:12024.8445546218:GBP'
RFF+CR: 201906'
RFF+PQ: 201906'
PAI+::2'
FCA+13'
FII+BF+60390453:Damaged Goods+:::207898:154:133+GB'
NAD+BE++Damaged Goods: : :UNITED KINGDOM'
CNT+39:58'
UNT+475+1'
UNZ+1+VAJ47DWMRJ0E7LCR'